@article{ekert1991quantum,
  title={Quantum cryptography and Bellâ€™s theorem},
  author={Ekert, Artur K},
  journal={Quantum Measurements in Optics},
  pages={413--418},
  year={1991},
  publisher={NATO ASI Series}
}
@book{nielsen2010quantum,
	title={Quantum computation and quantum information},
	author={Nielsen, Michael A and Chuang, Isaac L},
	year={2010},
	publisher={Cambridge university press}
}
@book{grynberg2010introduction,
	title={Introduction to quantum optics: from the semi-classical approach to quantized light},
	author={Grynberg, Gilbert and Aspect, Alain and Fabre, Claude},
	year={2010},
	publisher={Cambridge university press}
}
